@article{GarcaTrillos2019,
  title = {Error Estimates for Spectral Convergence of the Graph Laplacian on Random Geometric Graphs Toward the Laplace–Beltrami Operator},
  volume = {20},
  ISSN = {1615-3383},
  url = {http://dx.doi.org/10.1007/s10208-019-09436-w},
  DOI = {10.1007/s10208-019-09436-w},
  number = {4},
  journal = {Foundations of Computational Mathematics},
  publisher = {Springer Science and Business Media LLC},
  author = {García Trillos,  Nicolás and Gerlach,  Moritz and Hein,  Matthias and Slepčev,  Dejan},
  year = {2019},
  month = sep,
  pages = {827–887}
}